2885 3610
1339 254 1440 310 1²

157 409 326 468 στιάς,
354 408 545 466 Ἡλιάς,
584 408 766 456 eadem
800 408 868 456 ad
901 408 1188 456 masculina
1214 411 1459 472 pertinet,
1497 424 1713 475 quorum
1748 419 1962 467 una‘est
1994 413 2225 475 legitima
2247 389 2610 483 ·formatioffi{q'*

154 519 185 551 a
217 503 358 566 puris
395 501 650 550 ducuntur
682 517 836 565 pura,
887 503 1114 567 primum
1149 504 1511 566 patronymica
1543 502 1818 566 Ἧλιάδης,
1875 504 2196 570 Θεστιάδης,
2249 488 2593 570 Ταλθυβῗᾶἦ

151 596 266 644 ΕΜ.
314 600 440 656 540,
506 602 582 645 38.
633 597 776 644 Eust.
807 598 899 653 13,
952 600 1031 644 21.
1084 604 1194 645 tum
1243 600 1616 661 patronymicis
1669 598 1954 647 assimilata
2005 602 2266 663 gentilicia
2310 597 2702 691 Aoysstoedoetm

145 685 414 750 Ἡλιάδαι,
451 689 767 748 Θεσπιάδαι,
804 695 958 753 atque
993 688 1369 753 andronymica
1396 690 1710 756 Ἀρχιάδης,
1742 689 2043 755 Δωσιάδης,
2075 692 2373 757 Λυσιάδης,
2407 691 2689 746 Kazzca-
2788 676 2870 724 '‘3:⁴³⁴“

153 781 276 847 δης,
312 783 693 848 Πολυβιάδης,
738 779 1026 847 Φανιάδης
1075 814 1145 824 --
1196 786 1452 837 contraria
1484 801 1515 835 a
1548 802 1657 836 non
1691 787 1834 851 puris
1874 782 2174 850 Κρονίδης,
2210 771 2531 853 Πριαμίδης
2572 775 2643 829 -·-'
2686 767 2857 851 fbf*

150 874 519 942 Διοςκορίδης,
555 877 964 945 Λεωτροφίδης,
997 880 1325 944 Κλεωνίδης,
1371 879 1717 944 Φοινικίδης,
1761 877 2067 946 Φροντίδης
2103 887 2198 930 etc.
2263 881 2411 931 Haec
2436 878 2695 933 vero‘isl

150 972 307 1034 alpha
340 976 610 1036 recipiunt,
649 976 832 1023 eadem
869 976 1168 1024 conditione
1198 986 1319 1025 sunt
1353 993 1453 1038 qua
1487 978 1759 1024 feminina.
1796 976 1927 1025 Nam
1958 985 2015 1022 ut
2050 975 2114 1021 de
2144 974 2500 1032 Ἀπολλωνιάς
2523 967 2837 1027 (118⁴

149 1073 382 1128 ceptatur
425 1076 598 1115 utrum
647 1070 712 1117 ab
754 1068 1084 1124 ’Λπόλλωνος
1118 1074 1203 1118 vel
1233 1070 1551 1123 ’Λπολλωνίς
1596 1069 1909 1117 declinatum
1960 1070 2028 1116 sit
2079 1084 2147 1116 an
2190 1068 2254 1115 ab
2290 1068 2687 1130 Ἀπολλοόνιος

150 1161 335 1207 similis
373 1171 452 1208 est
487 1166 749 1211 contentio
788 1165 851 1211 de
882 1164 1413 1228 Ἀμφιτρυωνιάδης,
1454 1162 1971 1226 Λαομεδοντιάδης,
2008 1160 2341 1226 Ειλαριάδης
2376 1173 2429 1211 et
2451 1166 2708 1224 amula
2659 1142 2688 1169 ι’

147 1251 261 1302 bus.
315 1251 380 1303 Οἱ
412 1252 514 1318 μὲν
549 1255 765 1322 λέγουσι
799 1254 860 1305 τὸ
889 1257 1380 1322 Χαλκωδοντιάδης
1418 1256 1521 1307 ἀπὸ
1561 1255 1780 1312 εὐθείας
1816 1252 2237 1310 Χαλκωδοντιάς
2270 1251 2572 1320 γίνεσθαι,
2572 1249 2671 1310 ΰῖ

148 1344 211 1394 δὲ
250 1346 353 1395 α’πό
394 1350 806 1404 Χαλκωδόντιος
840 1357 1116 1415 κτητικοῦ·
1161 1354 1262 1401 ἀλλ’
1302 1352 1564 1403 οὐδέποτε
1598 1353 1662 1401 τά
1701 1349 2089 1416 πατρωνυμικοὶ
2135 1349 2239 1399 άπὸ
2275 1348 2549 1415 κτητικοῦ-ξς
2528 1316 2709 1433 γῖε

145 1459 303 1490 νεται
339 1440 439 1490 ἀλλ’
482 1444 585 1494 ἀπὸ
620 1447 849 1512 κυρίων·
919 1448 1142 1514 γέγονεν
1180 1446 1279 1496 οὖν
1328 1445 1431 1495 ἀπὸ
1472 1451 1565 1509 τῆς
1600 1443 2089 1511 περιττοσυλλάβου
2134 1449 2366 1511 γενικῆς·
2435 1463 2505 1500 ως
2537 1437 2674 1513 γὰρ
2668 1444 2817 1545 ³³?
2820 1447 2851 1506 ’ᾖ

140 1533 623 1601 Ἀγαμεμνονίδης,
668 1540 1007 1604 Τεκτονίδης,
1046 1540 1216 1595 ου’τως
1249 1538 1663 1594 Χαλκώδοντος.
1713 1537 2167 1601 Χαλκωδοντίδης
2199 1535 2289 1586 καὶ
2325 1522 2698 1616 πλεονασμῷ
2707 1553 2828 1621 4·
2795 1551 2872 1635 ἐξ

149 1628 643 1695 Χαλκωδοντιάδης
687 1634 881 1683 Anecd.
920 1634 1088 1685 Cram.
1125 1636 1166 1683 Ι.
1201 1638 1316 1683 443
1384 1633 1586 1682 Harum
1632 1635 2005 1682 sententiarum
2048 1634 2217 1698 prima
2260 1633 2484 1682 fortasse
2531 1648 2645 1683 eos·
2730 1639 2813 1708 «ff
2819 1610 2885 1696 ,ἶ

149 1722 267 1773 dem
305 1734 584 1775 assertores
618 1728 801 1777 habuit
835 1730 924 1793 qui
961 1726 1202 1794 Πριαμίς
1235 1744 1266 1776 a
1300 1726 1618 1791 Πριαμίδης
1661 1728 1855 1775 factum
1888 1735 2138 1792 putarunt
2169 1744 2219 1778 v.
2253 1728 2392 1776 Diss.
2429 1727 2494 1776 de
2527 1728 2648 1777 Μιι-
2672 1746 2696 1755 ”
2757 1789 2776 1794 „
2798 1729 2885 1798 *s*

148 1826 241 1865 tat.
275 1819 447 1866 Term.
484 1838 526 1871 c.
560 1822 630 1866 ΙΙ.
675 1824 931 1869 secundae
968 1833 1226 1871 auctorem
1273 1822 1450 1885 prodit
1490 1821 1661 1869 Schol.
1697 1821 1852 1869 Dion.
1887 1839 1938 1885 p.
1974 1826 2088 1875 849.
2123 1820 2185 1871 τὰ
2222 1820 2645 1887 πατρωνυμικόν
2718 1801 2810 1852 ⁴3⁶*
2868 1826 2885 1893 4

147 1910 366 1966 πάντως
403 1910 507 1960 άπὸ
544 1912 736 1978 κυρίου
772 1915 1010 1982 γίνεται·
1082 1916 1178 1964 διοὶ
1222 1921 1383 1964 τοῦτο
1427 1913 1729 1978 ἁμαρτάνει
1771 1915 1798 1961 ὁ
1842 1915 2081 1980 Τρύφων
2119 1914 2181 1963 τὸ
2227 1900 2664 1979 Τελαμωνιάδης,

148 2004 255 2053 άπὸ
291 2010 390 2054 τοῦ
434 2007 773 2070 Τελαμώνιος
809 2010 1004 2077 λέγων·
1068 2009 1364 2071 Ἐπλάνησε
1399 2007 1461 2057 δὲ
1500 2004 1669 2057 αὐτὸν
1711 2006 1838 2060 ἴσως
1890 2006 1952 2056 τὸ
1998 2008 2338 2073 Λαερτιάδης
2390 2007 2535 2074 παρά.
2578 2008 2646 2058 τὰ
2690 2032 2699 2040 ’-

148 2098 414 2163 Λαέρτιος
435 2101 685 2165 γεγονός,
724 2103 851 2170 ὅπερ
874 2101 987 2153 ἐστὶ
1021 2101 1212 2166 κυρίου
1246 2100 1494 2164 δυ’ναμιν
1530 2100 1658 2161 ἔχον
1693 2097 1838 2163 παρὰ
1870 2102 1985 2154 τοῖς
2019 2105 2319 2167 τραγικοῖς,
2355 2117 2457 2165 quo
2486 2103 2644 2165 signi·
2729 2123 2885 2172 *2ss

145 2194 265 2240 ficat
300 2191 566 2257 Λαέρτιος
602 2201 983 2261 possessivum,
1018 2210 1118 2258 quo
1152 2196 1326 2245 Latini
1359 2202 1597 2253 utuntur,
1634 2192 1773 2257 apud
1808 2193 2032 2243 Graecos
2064 2209 2173 2242 non
2205 2195 2439 2258 reperiri,
2473 2209 2643 2259 neque
2709 2218 2721 2232 ε

144 2287 236 2334 ille
282 2287 630 2354 Φηρητιάδης
665 2292 824 2341 Hom.
853 2287 1265 2357 Ἀφαρητιάδης
1298 2288 1539 2353 Apollon.
1566 2285 1897 2353 Ἀρητιάδης
1930 2303 1980 2335 v,
2000 2289 2145 2336 Eust.
2181 2288 2248 2337 ad
2277 2289 2497 2351 Dionys.
2526 2293 2641 2338 680.

645 2385 734 2396 —.

146 2396 520 2459 abadjectivis
555 2400 612 2445 in
648 2417 724 2450 ιος
760 2413 1017 2446 arcessere
1054 2397 1155 2444 sibi
1196 2397 1541 2460 permisisset,
1617 2394 1804 2458 quibus
1839 2408 2007 2457 neque
2054 2396 2292 2457 analogia
2326 2395 2521 2444 addicit
2551 2411 2643 2443 ne·
2787 2428 2839 2465 2⁴}
2875 2381 2884 2393 ²

147 2505 246 2554 que
279 2492 581 2552 auctoritas;
613 2507 840 2557 namque
874 2492 1187 2557 Apollonius
1220 2491 1333 2554 ipse
1370 2489 1681 2551 adjectivum
1717 2488 1903 2537 extulit
1930 2486 2252 2553 Ἀφαρήιος,
2285 2503 2395 2538 non
2427 2496 2487 2537 ut
2512 2490 2643 2551 Try·
2799 2473 2801 2475 ,

145 2585 251 2647 pho
287 2586 461 2644 vellet,
490 2585 833 2651 Ἀφαρήτιος.
902 2585 1086 2649 Itaque
1120 2586 1199 2633 illi
1235 2584 1362 2631 haec
1399 2598 1429 2630 a
1453 2584 1792 2632 substantivis
1822 2589 1947 2630 nata
1982 2591 2033 2629 et
2059 2586 2284 2648 epectasi
2324 2584 2498 2632 ionica
2532 2598 2642 2632 am-

146 2680 371 2740 plificata
414 2695 528 2727 esse
574 2681 722 2742 ajunt
769 2696 877 2727 non
911 2680 1081 2727 solum
1134 2693 1265 2742 quae
1318 2677 1715 2725 declinationem
1763 2677 2206 2740 imparisyllabam
2258 2685 2542 2741 sequuntur
2585 2687 2644 2726 ut

145 2770 657 2837 Ἀμφιτρυωνιάδης
702 2775 852 2838 Greg.
887 2778 1000 2821 677.
1038 2772 1130 2820 sed
1176 2773 1331 2819 etiam
1365 2773 1686 2836 parisyllaba
1728 2771 2068 2837 Λαερτιάδης
2100 2776 2215 2819 488.
2249 2772 2365 2818 ΕΜ.
2401 2775 2521 2829 556,
2558 2776 2640 2824 25.
2867 2772 2885 2806 4

154 2867 294 2926 cujus
339 2869 630 2932 exemplum
678 2875 963 2931 sequuntur
1001 2865 1325 2929 Ἀλητιάδης
1375 2867 1432 2914 in
1477 2865 1680 2915 Gallim.
1721 2865 1806 2914 Fr.
1853 2865 1992 2915 CIII.
2045 2868 2201 2915 metri
2245 2879 2398 2912 causa
2442 2865 2638 2915 editum

148 2973 246 3023 pro
276 2959 553 3026 ’.Αλητίδης
604 2963 811 3028 (omiss.
854 2963 911 3010 in
947 2960 1130 3024 Thes.)
1182 2958 1526 3024 Ὀρεστιάδης
1570 2969 1622 3008 et
1667 2962 2099 3023 metronymicum
2145 2956 2478 3022 Εἰλαριάδης
2521 2960 2636 3010 ΕΜ.

149 3053 304 3105 Unde
338 3060 563 3120 sequitur
593 3059 653 3106 in
683 3057 876 3106 Anecd.
914 3055 1082 3105 Cram.
1116 3054 1185 3102 ΙΙ.
1224 3058 1338 3114 324,
1375 3059 1454 3102 23.
1490 3071 1598 3106 non
1631 3064 1767 3106 recte
1804 3055 2046 3119 componi
2081 3051 2412 3116 Θυεστιάδης
2444 3062 2494 3101 et
2522 3057 2638 3103 Με-

147 3147 448 3214 νοιτιάδης.
515 3151 630 3202 Hoc
660 3167 885 3217 namque
919 3166 951 3201 a
983 3148 1283 3203 Μενοίτιος
1317 3164 1462 3200 more
1496 3152 1688 3201 usitato
1725 3149 1992 3215 processit,
2036 3143 2288 3202 Θυέστιος
2322 3162 2478 3209 vero,.
2498 3149 2639 3215 quod
