2885 3610
1478 260 1545 321 ’if

0 384 244 482 :ff
268 397 442 465 lofin
459 402 755 472 ..fabricatus
790 410 886 461 est,
920 400 991 451 ad
1020 397 1240 465 ’Λιλύβη
1276 414 1308 451 a
1331 399 1589 463 Dionysio
1620 401 1817 464 Perieg.
1852 400 2115 464 scriptum,
2149 400 2387 454 similiter
2414 411 2474 454 ut
2507 400 2573 452 ab
2603 399 2747 454 Ἀλυὶ

92 476 212 553 ³.
239 480 252 539 '⁷
267 496 644 564 ssqs’assvssm'c,
715 498 779 548 ab
799 495 930 559 Ἴδη,
959 493 1115 559 Ἰδηίς
1149 503 1202 544 et
1232 492 1486 559 Ἰδηίδης,
1557 513 1688 560 quae
1724 495 2016 561 Stephanus
2050 503 2320 546 memorat.
2385 496 2465 546 De
2507 495 2748 562 Κυτηιοῖς

269 592 552 662 (Kozala)
595 593 723 642 alibi
758 591 893 650 dixi;
959 606 1053 656 pro
1087 588 1346 655 ὑμενήιος
1379 592 1436 639 in
1469 590 1626 639 Anth.
1662 590 1752 639 lx.
1791 593 1902 639 524.
1955 592 2001 639 si
2034 591 2158 656 quid
2205 590 2511 655 suspicionis
2552 594 2745 652 subest,

265 687 809 754 &famamesubstitui
839 693 1025 751 potest.
1074 711 1144 724 --
1191 684 1275 733 Ad
1308 686 1547 735 ultimum
1581 687 1751 735 locum
1784 686 2014 749 relegavi
2054 685 2255 753 λιγήιος
2299 685 2441 750 quod
2473 667 2749 735 Schneide-

165 850 169 853 ψ
248 769 701 864 ⁴russin.2Oppii÷in.
738 778 867 843 Cyn,
898 780 987 830 IV.
1022 782 1138 828 411.
1174 782 1445 845 supposuit
1487 778 1698 831 ταινίαι
1731 779 2039 848 κραδάουσι
2073 774 2364 845 κινύμεναι
2397 777 2651 847 πτέρυγές
2692 796 2752 829 τε

230 919 241 940 ,ἶ
267 873 452 948 λιχήια
487 874 771 940 συρίζουσι
802 892 897 940 pro
932 876 1070 937 vulg.
1094 870 1294 938 λίγειαι
1326 874 1478 939 (sic).
1524 875 1587 923 In
1617 876 1727 924 cod.
1762 877 1951 938 legitur
1984 874 2134 942 λιγέα
2170 876 2346 939 elapsa
2375 876 2597 924 fortasse
2628 889 2751 939 par·

241 971 426 1025 -ticida
459 986 612 1035 quam
648 970 794 1019 addit
826 970 1068 1019 Moschus
1103 969 1191 1017 IV.
1225 971 1303 1021 24.
1337 969 1604 1030 κλάζουσα
1638 970 1785 1034 μάλα
1820 970 1944 1036 λιγύ
1988 971 2076 1018 vel
2119 986 2185 1021 ex
2227 971 2493 1036 λιγύθροα
2539 970 2750 1018 detrun-

266 1070 453 1114 catum.
483 1102 485 1104 v
521 1063 737 1132 Λίγειος
770 1072 960 1120 autem,
989 1061 1128 1110 unde
1161 1064 1249 1111 ille
1283 1063 1485 1131 λιγήιος
1520 1078 1826 1112 conversum
1861 1069 2034 1128 putat,
2068 1064 2181 1127 ipse
2211 1064 2268 1111 in
2288 1063 2411 1112 Lex.
2445 1064 2591 1115 nullo
2626 1078 2748 1112 con-

236 1190 240 1193 ,
264 1159 674 1210 firmatauctore
709 1158 802 1207 sed
834 1156 1144 1207 Coraenita
1175 1159 1232 1206 in
1259 1158 1471 1208 Heliod.
1500 1158 1590 1208 VI.
1627 1162 1684 1218 5,
1721 1162 1835 1211 230.
1866 1160 2132 1223 scripsisse
2178 1173 2273 1223 pro
2314 1155 2491 1225 λίγιόν
2525 1176 2579 1207 τι
2614 1156 2748 1208 α’να-

202 1240 231 1325 ιζ
263 1252 570 1305 κωκύσασα,
605 1254 744 1304 Huic
760 1267 884 1302 vero
905 1253 1017 1300 sine
1039 1250 1195 1301 dubio
1213 1255 1427 1319 propius
1448 1254 1550 1301 fuit
1569 1252 1791 1303 scribere
1810 1262 1869 1302 ut
1885 1254 2128 1303 Eumath.
2137 1253 2203 1303 X.
2222 1255 2337 1300 466.
2359 1252 2545 1308 Teuch.
2564 1251 2749 1303 ὀλολύ-

143 1348 153 1359 ³
264 1358 389 1416 γιον
410 1347 643 1399 ἐκώκυσε
660 1349 745 1396 vel
764 1344 1054 1413 διωλύγιον
1073 1349 1159 1396 vel
1179 1349 1334 1397 etiam
1355 1347 1578 1414 λιγυρόν
1608 1363 1762 1412 quam
1786 1349 2040 1397 vocabulo
2065 1355 2294 1398 uteretur
2318 1349 2546 1407 insueto;
2578 1362 2747 1413 neque

265 1442 407 1492 aliud
441 1451 585 1492 exta-t
618 1442 769 1504 hujus
803 1456 1092 1505 paragogae
1127 1442 1447 1504 exemplum3
1506 1457 1629 1490 nam
1665 1441 1865 1494 Δοίσιος
1896 1443 1926 1492 ὁ
1962 1440 2134 1502 δασύς
2169 1442 2312 1495 Suid.
2349 1443 2586 1505 Βαρεῒον
2618 1440 2751 1505 πρό-

263 1537 442 1600 βατον
475 1534 567 1587 καὶ
599 1535 659 1586 τὰ
695 1532 844 1599 βαρύ
891 1534 1018 1583 Hes.
1060 1530 1306 1597 τρήχειος
1356 1536 1415 1583 in
1457 1535 1570 1584 loco
1614 1536 1805 1584 vitioso
1841 1534 1999 1585 Anth.
2030 1535 2129 1585 111.
2164 1538 2211 1585 9.
2258 1535 2455 1599 pariter
2498 1543 2749 1597 suspecta,

262 1631 626 1699 γλυκειότερος
661 1630 798 1694 ΑΡΡ.
831 1645 882 1677 n.
916 1631 1028 1678 153.
1066 1628 1178 1690 jam
1215 1628 1272 1677 in
1301 1628 1639 1695 γλυκιότερος
1680 1637 1935 1679 mutatum
1970 1639 2062 1686 est.
2131 1628 2239 1678 Sed
2270 1628 2353 1682 his
2385 1628 2560 1677 missis
2590 1628 2751 1676 totius

265 1726 631 1789 disputationis
662 1739 915 1773 summam
952 1721 1136 1776 dicam.
1202 1723 1648 1772 Terminationum
1683 1723 1926 1784 duarum,
1978 1726 2037 1774 in
2072 1724 2257 1788 quibus
2295 1722 2619 1776 elaboratum
2656 1729 2751 1781 est,

261 1821 489 1885 priorem
523 1819 920 1883 interpositione
954 1818 1139 1881 longae
1171 1817 1366 1865 vocalis
1396 1819 1720 1882 progenitam
1754 1835 1867 1868 esse
1898 1821 2039 1868 inter
2058 1825 2293 1867 auctores
2319 1816 2586 1876 convenit;
2620 1816 2753 1866 alte-

2356 1911 2480 1925 —

261 1928 370 1975 rius
405 1926 644 1990 exempla
675 1925 920 1972 bifariam
942 1922 1271 1993 distribuunt
1296 1924 1543 1988 pleraque
1578 1924 1642 1978 ab
1671 1912 1801 1988 Ξῖἆξ,
1832 1939 1943 1973 non
1973 1925 2051 1976 ita
2078 1926 2243 1975 multa
2276 1923 2340 1973 ab
2374 1942 2454 1985 ιος
2490 1933 2748 1973 arcessen-

263 2026 368 2078 tes,
435 2034 603 2082 neque
649 2019 935 2066 diffitentur
967 2019 1338 2071 nonnullorum
1382 2018 1605 2080 speciem
1648 2020 1925 2081 ancipitem
1971 2033 2099 2067 esse.
2165 2018 2463 2086 Eademque
2507 2019 2748 2068 cautione

264 2127 361 2162 nos
394 2113 476 2161 usi
511 2125 703 2168 sumuS,
737 2125 907 2174 neque
931 2110 998 2158 in
1031 2125 1218 2175 magno
1256 2108 1551 2159 discrimine
1585 2123 1838 2173 ponemus
1873 2113 1919 2164 si
1954 2111 2069 2174 quis
2106 2109 2171 2158 de
2206 2111 2424 2178 singulis¹
2456 2110 2747 2170 dissentiat,

264 2205 422 2256 modo
456 2207 724 2254 vincamus
757 2204 1110 2257 universitate.
1154 2202 1253 2258 'Ao
1284 2218 1439 2252 nemo
1476 2202 1557 2253 fas
1588 2202 1739 2256 ducet
1768 2204 2051 2269 propositis
2097 2212 2277 2259 contra
2318 2204 2486 2255 dicere
2530 2205 2633 2255 nisi
2664 2204 2745 2255 in-

265 2300 469 2350 venerit
503 2299 687 2363 quibus
723 2306 901 2348 contra
942 2297 1043 2349 dici
1075 2314 1184 2350 non
1212 2299 1400 2363 possit.
1458 2296 1606 2358 Nunc
1638 2313 1799 2348 unum
1844 2313 1955 2348 esse
1989 2297 2146 2351 video
2187 2315 2288 2365 quo
2322 2301 2548 2350 rationes
2580 2298 2745 2348 initae

268 2407 321 2448 et
352 2395 630 2446 subductae
664 2393 899 2442 funditus
934 2394 1097 2450 everti
1132 2392 1370 2451 debeant,
1405 2395 1450 2441 si
1486 2394 1600 2457 quis
1619 2393 2053 2446 demonstraverit
2076 2395 2466 2447 terminationes
2497 2393 2617 2444 illas
2633 2409 2746 2447 non

269 2492 334 2542 ab
368 2490 476 2539 ulla
508 2487 777 2543 affectione
809 2489 1066 2554 profectas
1102 2485 1194 2535 sed
1223 2487 1428 2537 nativas
1468 2502 1582 2541 esse
1621 2488 1887 2552 instarque
1928 2487 2138 2539 illarum
2182 2503 2311 2554 quae
2343 2486 2498 2542 nem'o
2540 2490 2746 2553 quaerit

737 2579 1336 2596 ——u—-n—i--u—a—

266 2596 405 2647 unde
440 2600 582 2645 ortae
617 2596 722 2642 sint
755 2611 864 2654 εος,
900 2611 1002 2656 cog,
1040 2614 1179 2653 αιος,
1215 2600 1322 2653 ειος
1356 2602 1448 2643 etc.
1514 2592 1708 2643 Verum
1742 2594 1881 2652 enim
1914 2607 2040 2648 vero
2081 2593 2253 2651 differt
2284 2593 2421 2657 quod
2456 2609 2590 2657 quae
2623 2602 2748 2644 sunt

268 2688 530 2743 naturales
561 2695 614 2735 et
647 2689 794 2752 quasi
828 2690 1152 2739 authenticae
1184 2689 1455 2746 nominum
1493 2691 1766 2749 catalexes‚
1803 2704 1896 2738 eae
1912 2687 2151 2738 omnibus
2186 2688 2253 2737 ad
2284 2689 2534 2739 utendum
2566 2707 2744 2758 prom-

2603 2787 2746 2803 ὴ

268 2807 356 2849 tae
390 2804 442 2846 et
472 2793 769 2860 propositae
814 2802 956 2856 sunt,
1023 2797 1147 2846 illae
1180 2811 1304 2845 vero
1340 2811 1372 2845 a
1404 2796 1664 2848 communi
1714 2809 1809 2844 usu
1843 2775 2137 2844 abhorrent.
2202 2794 2473 2857 Adjectiva
2517 2799 2576 2848 in
2625 2819 2744 2864 ηιος

273 2889 517 2942 exeuntia
548 2886 879 2938 Hei-mannus
913 2888 982 2939 ad
1016 2888 1143 2939 Oed.
1176 2889 1232 2939 T.
1253 2890 1398 2938 1216.
1429 2904 1495 2937 ne
1530 2889 1739 2939 canticis
1776 2889 1985 2954 quidem
2006 2890 2334 2954 Tragicorum
2371 2892 2607 2943 concedit
2639 2896 2743 2947 nisi

273 2984 337 3033 ab
370 2985 543 3051 Epicis
576 2984 926 3049 praeformata
957 2991 1016 3033 ut
1059 2983 1309 3051 φοιβήιος
1345 2991 1437 3033 etc.
1490 3000 1520 3033 a
1554 2983 1801 3036 diverbiis
1834 3001 2046 3051 prorsus
2061 3008 2064 3012 ⁴
2079 2986 2265 3037 absunt
2295 2993 2349 3034 et
2380 2988 2544 3036 multo
2576 2992 2738 3053 magis

273 3094 305 3129 a
339 3092 575 3128 sermone
607 3080 891 3140 communi,
952 3079 1010 3128 in
1052 3093 1153 3144 quo
1195 3094 1355 3139 unum
1408 3080 1579 3145 reperi
1627 3076 1822 3144 α’ρήιον
1872 3080 2112 3150 ὄργανον
2145 3081 2359 3142 Quintil.
2413 3081 2477 3132 de
2510 3083 2636 3132 Mus.
2665 3083 2736 3131 11.

270 3189 323 3239 p.
359 3173 436 3221 7-1.
471 3167 608 3222 ὅπλα
640 3170 804 3241 ἀρήια
852 3174 987 3225 Plut.
1031 3172 1261 3227 Amator.
1290 3173 1456 3227 xvn,
1507 3174 1747 3225 Philostr.
1776 3175 1868 3228 xl.
1910 3181 2023 3228 882.
2070 3178 2136 3228 ab
2179 3176 2413 3229 Homero
2461 3183 2735 3241 acceptum,

1677 3276 1708 3320 2
