2885 3610
1419 275 1460 331 6

197 414 495 481 praevaleat
547 408 815 472 totumque
864 407 933 456 ad
982 409 1231 473 simplicis
1287 410 1850 476 speciem-'‘ffedigatur,
1902 413 2036 462 sicut
2068 413 2337 482 septimo«,-
2371 413 2559 467 djcitm.
2599 419 2697 483 pm

196 509 338 577 εὐρύς
372 514 465 555 etc.
536 502 621 553 Sic
656 510 789 553 certe
822 502 1068 553 Lehrsius
1100 506 1373 570 respondit
1405 521 1501 571 pro
1538 506 1726 555 cliente
1761 520 1854 554 suo
1887 507 2206 578 ’ταλαύρινος
2240 509 2558 575 simpiieibus
2604 513 2697 564 ad-

193 615 497 654 numerasse
540 599 654 649 viso
695 613 745 663 p.
793 599 918 648 321:
947 605 999 647 et
1043 598 1107 648 de
1149 599 1420 652 Minervae
1465 601 1713 666 epitheto·
1741 602 1998 652 consentit
2029 603 2357 670 Prophyrius.
2381 604 2495 656 Sch.
2533 605 2594 657 11.
2630 606 2695 663 V.

194 706 312 750 422.
349 699 413 747 ab
455 696 654 744 actione
691 692 1083 742 denominatum
1122 713 1259 744 esse.
1312 700 1376 750 οὐ
1406 699 1552 767 γὰρ
1539 696 1859 763 πειθόμεθα
1875 702 1981 756 τοῖς
2012 698 2270 769 νεωτέροις
2292 700 2364 752 οἷ’
2384 718 2568 770 φασιν
2586 704 2690 755 ἀπὸ

193 788 585 859 Ἀλαλκομενιόυ
620 788 679 851 (ἢ
706 788 1136 856 Ἀλαλκομενέως)
1176 792 1320 852 τινὸς
1356 793 1609 861 εἰρῆσθαι
1647 818 1716 828 -
1781 789 2006 841 Nomina
2041 792 2297 853 ejusdem
2311 795 2693 847 terminatioms
2780 789 2786 792 ¹
2822 768 2837 789 ἃ
2853 780 2865 785 y

196 890 290 951 (ης)
327 885 423 934 sed
453 885 654 948 primae
691 882 1055 932 declinationis
1091 885 1188 933 huc
1238 885 1423 934 deduci
1461 901 1614 949 posse
1659 884 1902 934 ostendit
1926 885 2152 952 Χρυσηίς
2195 886 2437 952 Chrysae
2464 891 2600 949 filia,
2641 858 2696 938 et'

195 989 253 1028 ut
280 988 483 1028 veteres
518 978 650 1025 nihil
683 979 881 1026 referre
915 987 1104 1043 putant
1140 988 1311 1027 utrum
1334 979 1544 1040 Κισσηίς
1578 978 1851 1038 ειῙζισσεύς
1886 978 2099 1027 ducatur
2134 995 2202 1027 an
2238 996 2270 1028 a
2303 988 2490 1045 Κισσῆς
2525 982 2693 1035 Schol.

191 1074 330 1137 Lips.
365 1074 424 1121 ΙΙ.
460 1074 552 1122 XI.
601 1077 715 1121 222.
745 1074 828 1121 ita·
854 1073 1040 1136 quibus
1061 1079 1066 1090 ‘
1088 1073 1288 1122 Hecate
1313 1074 1534 1139 Περσηίς
1567 1071 1779 1132 dicitur,
1831 1074 2082 1124 incertum
2120 1082 2199 1122 est
2233 1076 2496 1138 quodnam
2529 1078 2692 1142 patris

189 1184 384 1218 nomen
421 1170 627 1233 sequuti
664 1170 794 1227 sint,
830 1177 1103 1216 suetumne
1132 1166 1333 1235 Πέρσης
1367 1184 1435 1217 an
1469 1169 1836 1233 metaplastum
1870 1168 2097 1236 Περσεύς
2125 1185 2173 1217 v.
2205 1168 2372 1218 Schol.
2400 1171 2520 1233 Lyc.
2546 1175 2694 1223 1175.

191 1267 256 1317 cf.
293 1265 590 1313 Schneider.
627 1263 801 1309 Gram.
838 1264 895 1308 T.
932 1264 1000 1309 II.
1035 1278 1085 1325 p.
1122 1263 1161 1308 Ι.
1201 1265 1313 1310 317.

341 1362 382 1424 §.
422 1363 499 1407 14.
543 1358 643 1406 His
689 1364 861 1404 autem
906 1357 1177 1404 femininis
1228 1366 1445 1406 naturae
1486 1353 1694 1406 vinculo
1739 1357 1944 1404 adnexa
1987 1366 2110 1405 sunt
2149 1357 2408 1420 adjectiva
2444 1335 2694 1430 ποταμηις

191 1453 498 1521 ποταμήιος,
525 1448 984 1518 meumes—vicos,
1012 1450 1460 1516 σιμβληίς-ήιος,
1488 1451 1798 1518 μεροπηίς-
1810 1470 1931 1513 moe,
1944 1454 1990 1501 Γ
1985 1470 2331 1514 annac—mog,
2353 1456 2693 1524 Meroeom'c-

191 1550 312 1613 ἠως,
341 1543 785 1611 Καδμηίς-ήιος,
820 1544 1233 1606 Μινυηίς-ήιος
1269 1553 1362 1597 etc.
1418 1546 1652 1609 Eamque
1674 1544 2068 1593 similitudinem
2098 1552 2299 1594 veteres
2319 1561 2426 1595 non
2456 1549 2693 1605 animad-

189 1648 457 1691 verterunt
505 1638 672 1685 solum
722 1659 863 1704 παρα
906 1639 998 1699 τὴν
1031 1638 1256 1705 Κέκροπι
1292 1639 1500 1698 δοτικὴν
1529 1643 1780 1705 Κεκροπὶς
1806 1643 1898 1689 καὶ
1929 1641 2172 1697 ,Αἰθιοπὶς
2203 1645 2295 1690 καὶ
2328 1643 2596 1701 ΠελοπιΗς
2631 1646 2691 1696 τὸ

194 1738 249 1789 δὲ
281 1737 534 1794 Πελοπηὶς
566 1731 905 1783 πεπλεόνακεν
935 1735 998 1790 ὥς
1033 1733 1092 1782 τὸ
1126 1730 1397 1794 ποιμνήιον
1428 1735 1521 1780 καὶ
1556 1733 1775 1798 ταφήιον
1810 1733 2002 1780 Anecd.
2041 1733 2210 1781 Cr'am.
2240 1735 2279 1782 I.
2301 1739 2412 1783 374.
2443 1737 2555 1784 ΕΜ.
2578 1741 2690 1801 748,

191 1835 272 1879 37.
307 1826 592 1878 sedetiam
628 1827 696 1873 ad
731 1841 1032 1874 communes
1079 1840 1257 1873 causas
1304 1832 1637 1873 revocarunt:
1703 1825 1935 1888 Νυσήιον
1978 1827 2280 1894 ἀμφίβολον
2316 1844 2327 1854 ·
2363 1833 2413 1879 εἰ
2447 1834 2544 1895 μὲν
2587 1835 2689 1901 γὰρ

186 1923 414 1986 Νυσήιον
450 1924 568 1985 (scr.
602 1924 650 1972 εἰ
673 1921 773 1988 γὰρ
809 1921 950 1988 παρὰ
985 1920 1045 1970 τὸ
1080 1919 1299 1981 Νύσιον)
1336 1919 1656 1983 πλεονασμός
1677 1921 1824 1984 (ἐστι)
1861 1925 1955 1970 τοῦ
1987 1907 2028 1982 ἧ
2053 1938 2065 1948 ·
2101 1925 2149 1971 εἰ
2179 1922 2234 1973 δὲ
2266 1925 2407 1990 παρὰ
2441 1925 2500 1975 τὸ
2516 1931 2687 1992 Νῦσα,

186 2019 364 2085 ὤφειλε
399 2016 537 2081 (μὲν)
572 2012 704 2066 εἶναι
736 2012 962 2065 Νύσειον
994 2015 1087 2063 καὶ
1123 2013 1278 2077 (ἀλλ’)
1322 2012 1473 2079 ὥςπερ
1518 2014 1659 2079 παρὰ
1700 2015 1759 2065 τὸ
1805 2015 1980 2080 ἄρειον
2012 2013 2192 2081 ἀρήιον
2225 2017 2432 2079 αὐξήσει
2464 2019 2686 2085 γέγονεν,

188 2114 346 2169 οὕτως
413 2109 642 2169 Νυσήιον
677 2123 687 2133 ·
723 2107 840 2164 ὥςτε
892 2105 1111 2157 δύναται
1172 2103 1414 2170 διαίρεσις
1461 2100 1592 2153 εἶναι
1635 2109 1727 2154 καὶ
1775 2105 2040 2164 ἐπέκτασις
2088 2110 2199 2156 ἀλλ’
2247 2111 2311 2159 οὐ
2366 2115 2687 2180 πλεονασμός

187 2204 358 2253 Cram.
415 2207 533 2255 298.
607 2200 843 2249 Eandem
888 2201 1200 2247 sententiam
1243 2213 1352 2245 non
1392 2196 1578 2244 iisdem
1622 2205 1799 2246 tamen
1840 2199 2014 2247 verbis
2058 2201 2284 2262 explicat
2328 2203 2686 2267 Theognostus

186 2300 257 2347 ΙΙ.
295 2304 373 2348 57.
411 2299 554 2360 cujus
600 2299 769 2345 locum
816 2294 1087 2355 subjiciam
1130 2310 1238 2341 non
1282 2291 1350 2340 ad
1391 2291 1594 2338 literam
1649 2291 1742 2339 sed
1795 2301 2047 2355 quatenus
2093 2294 2160 2341 ad
2203 2303 2434 2346 nostram
2478 2315 2682 2352 causam

1577 2371 1690 2381 —
2258 2376 2306 2384 —

184 2395 440 2458 pertinet:
494 2393 561 2442 τὰ
594 2391 733 2442 κατὰ
779 2388 1016 2440 διάλυσιν
1049 2389 1150 2441 ἀπὸ
1194 2393 1293 2437 τῶν
1325 2384 1406 2436 δι«“
1447 2390 1540 2434 τοῦ
1572 2404 1673 2442 ειος
1715 2388 1806 2434 καὶ
1856 2388 2067 2437 ἔκτασιν
2118 2392 2212 2438 τοῦ
2258 2409 2283 2439 ε
2315 2394 2384 2448 εἰς
2431 2393 2491 2443 τὸ
2524 2380 2572 2455 ἦ·
2603 2417 2682 2458 7⁸·

186 2485 384 2549 νόμενα
416 2485 501 2536 διὰ
534 2490 628 2534 τοῦ
657 2469 903 2548 ῖγράφει
929 2482 1024 2542 τὴν
1054 2478 1456 2545 παραλήγουσαν
1487 2480 1577 2528 καὶ
1611 2479 1704 2538 τὴν
1737 2477 1910 2544 τρίτην
1938 2478 2025 2529 διὰ
2056 2485 2149 2530 τοῦ
2180 2469 2240 2540 ἧ.-
2274 2482 2494 2545 ‘Quoiam
2512 2485 2568 2536 δὲ
2588 2492 2680 2537 καὶ

186 2576 288 2627 ὅσα
322 2578 422 2640 ἔχει
465 2578 523 2626 τὸ
558 2564 608 2636 ἦ-
623 2572 735 2625 οἶον
767 2573 902 2634 δήιος
936 2575 1036 2624 ἀπὸ
1069 2581 1162 2624 τοῦ
1197 2574 1323 2635 δῖος,
1355 2571 1509 2633 Κιήος
1548 2572 1668 2636 (Sic)
1702 2575 1762 2621 ἐκ
1795 2577 1891 2624 τοῦ
1920 2578 2069 2635 Κῖος,
2114 2573 2274 2636 νήιος,
2321 2574 2491 2639 Τήιος,
2524 2584 2679 2639 βασι.

185 2670 350 2733 λήιος,
399 2670 612 2733 Ἰλιήιος,
662 2667 940 2736 χαλκήιος,
988 2676 1079 2715 etc.
1124 2669 1416 2731 Scripturae
1446 2666 1655 2716 'menda
1703 2667 1902 2714 leviora
1953 2670 2104 2716 tacite
2156 2671 2339 2719 sustuli
2380 2673 2557 2720 veluti·
2586 2678 2681 2724 sti-

182 2766 358 2829 pulas;
420 2764 483 2811 de
519 2763 838 2827 gravioribus
874 2762 1048 2826 palam
1097 2761 1368 2824 agendum.
1449 2761 1679 2807 Primum
1721 2759 1857 2827 δήιος
1901 2778 1978 2812 ex
2008 2763 2114 2823 δῖος
2151 2765 2520 2829 amplificatum
2562 2784 2676 2819 esse

184 2858 340 2907 valde
377 2858 648 2917 abhorret,
682 2874 851 2920 neque
884 2858 959 2905 ita
994 2855 1239 2905 traditum
1276 2855 1505 2919 reperio,
1542 2869 1608 2902 ne
1642 2852 1705 2903 ab
1740 2854 1804 2902 iis
1841 2857 2048 2919 quidem
2087 2860 2177 2921 qui
2210 2858 2298 2911 δῖα
2330 2857 2589 2913 θάλασσα
2623 2873 2674 2913 et

189 2951 277 3002 δῖα
308 2952 579 3021 Χάρυβδις
613 2952 1021 3016 interpretantur
1045 2950 1310 3021 φοβεράν,
1346 2951 1444 2997 hoc
1478 2949 1745 3013 epitheton
1780 2965 1892 3000 cum
1929 2951 2044 3017 δέω,
2081 2952 2243 3019 διερός
2276 2962 2547 3015 cognatum
2579 2973 2673 3022 pu-

183 3053 382 3104 tanteS,
418 3047 529 3095 Sch.
568 3045 661 3097 Od.
697 3046 820 3097 XII.
857 3047 968 3100 1041,
1002 3045 1064 3098 11.
1100 3045 1208 3094 XV.
1246 3047 1359 3100 161,
1394 3059 1455 3092 ac
1489 3044 1532 3093 si
1569 3043 1682 3107 quis
1714 3043 1836 3093 hinc
1870 3044 2007 3108 δήιος
2039 3054 2218 3095 natum
2265 3046 2504 3109 credidit,
2563 3066 2672 3102 non

186 3138 355 3189 solum
388 3130 680 3204 pleonasmi
715 3140 808 3191 sed
850 3141 1008 3190 etiam
1056 3138 1329 3203 hyperbati
1388 3144 1662 3201 praetextu
1709 3138 1788 3187 uti
1831 3137 2034 3196 debuit,
2096 3139 2238 3201 cujus
2290 3139 2372 3191 hic
2419 3143 2563 3194 nulla
2612 3146 2673 3194 fit
