2885 3610
193 423 449 486 Aeschylo
487 419 628 485 Sept.
651 421 763 469 114.
792 432 902 467 non
937 417 1307 467 necessarium:
1346 414 1454 467 Δία
1491 416 1769 482 ἑταιρήιον
1804 418 2111 469 Parthenius
2129 419 2325 471 XVIII.
2360 422 2562 473 ionico
2555 422 2805 478 seri-r

191 533 330 598 ptori
381 525 618 590 sublegit.
698 523 840 584 Quae
890 539 1015 574 vero
1069 524 1379 588 Apollonius
1435 524 1499 573 de
1545 524 1691 587 Conj.
1736 529 1847 573 524.
1897 527 1962 574 ob
2021 529 2382 591 pleonasmum
2433 502 2694 579 1iterae⁷⁷¹⁸
2658 529 2803 597 ’s

193 641 306 675 cum
342 620 633 688 πολεμήιος
668 626 933 684 comparat
965 615 1236 682 μυθιήτης
1266 627 1318 665 et
1354 618 1628 684 πολιήτης,
1682 618 1997 667 consuetudo
2034 622 2272 671 funditus
2315 623 2556 687 respuit„
2559 610 2693 673 Fe}

189 722 425 772 mininae
461 716 739 784 positionis
785 715 1024 780 exempla
1076 714 1343 778 aliquanto
1379 716 1528 778 plura
1581 722 1702 763 sunt
1735 714 1826 763 sed
1886 726 2066 763 omnes
2098 718 2324 782 propriis
2382 711 2691 781 quibusdam

192 817 332 866 notis
365 813 668 875 insignitae;
701 823 823 876 pars
858 810 1091 859 maxima
1127 825 1158 858 a
1193 804 1408 858 deorum
1444 809 1763 872 heroumque
1797 806 2103 858 nominibus·
2132 826 2263 873 quae
2295 813 2579 876 genitivum
2608 811 2693 863 io.
2804 810 2810 851 ξ
2841 825 2854 850 ·.

188 921 302 969 nice
335 920 393 967 in
426 905 522 982 η’ἶῖς
556 920 792 968 mittunt:
829 916 1039 984 Αἲγηίς,
1068 916 1372 982 Ἐρεχθηίς,
1418 915 1625 979 Οἵνηίςς
1660 915 1886 963 tribuum
1922 917 2152 975 nomina,
2189 916 2487 983 Διομηίδες
2518 904 2719 983 porta-‘7'
2782 928 2849 952 fv·

187 1030 320 1074 rum,
350 1013 623 1077 Ἀχιλληίς,
662 1005 977 1077 Γηρυονηίς,
1022 1011 1220 1076 Θησηίς
1254 1018 1570 1077 poematum,
1609 1007 1821 1073 Νηρηίς
1858 1011 1999 1069 deae,
2036 1010 2222 1074 quibus
2259 1011 2430 1061 simile
2462 1012 2564 1063 loci
2598 1021 2690 1061 no·
2776 1028 2795 1046 ³

186 1099 309 1158 men
346 1108 626 1171 Μελανηίς
672 1107 858 1157 Strabo
894 1107 958 1157 X.
994 1111 1108 1157 447.
1161 1109 1383 1156 fortasse
1416 1123 1445 1153 a
1480 1113 1634 1169 poeta
1668 1111 1932 1153 mutuatus
1980 1113 2057 1153 est
2090 1104 2228 1153 unde
2274 1105 2434 1155 idem
2457 1081 2764 1180 Βὸίβηῖςζῳ

188 1204 435 1251 sumsisse
470 1203 678 1252 videtur
714 1211 766 1250 et
799 1201 1126 1262 Thucydides
1150 1201 1187 1249 Ι.
1214 1203 1291 1249 12.
1328 1199 1602 1263 Καδμηίς,
1637 1215 1861 1263 namque
1897 1201 1998 1264 ipsi
2034 1200 2160 1248 haec
2193 1202 2412 1248 nomina
2444 1205 2690 1253 vetustati
2747 1176 2760 1217 ἦ

187 1298 470 1361 assignant,
507 1298 814 1361 duravitque
850 1295 981 1346 adeo
1018 1297 1336 1345 homericum
1368 1294 1610 1358 Μεσσηίς
1644 1313 1807 1359 usque
1843 1295 1909 1344 ad
1933 1295 2241 1343 Strabonem
2281 1304 2331 1342 et
2355 1283 2690 1358 Pausaniam3·
2804 1361 2812 1365 ἦ

186 1394 236 1440 Γ
230 1406 396 1456 υψηις
442 1392 646 1441 insulae
682 1393 1018 1456 Aethiopicae
1054 1409 1246 1440 nomen
1281 1392 1573 1454 Stephanus
1610 1407 1641 1438 a
1675 1392 1939 1439 Marciano
1977 1392 2171 1455 accepit
2205 1392 2263 1437 in
2300 1392 2540 1439 carmine
2558 1380 2691 1442 iam-
2760 1405 2764 1410 '
2806 1389 2831 1405 '¹

184 1486 316 1544 bico,
352 1493 412 1532 ut
429 1484 651 1543 videtur,
689 1487 955 1543 traditum,
987 1501 1154 1551 neque
1176 1489 1301 1535 alibi
1319 1488 1587 1550 reperitur.
1632 1486 1926 1548 Suspectius
1962 1493 2040 1532 est
2071 1482 2422 1547 Καφηρηίδες
2457 1486 2513 1533 in
2531 1483 2688 1536 Dion.
2740 1473 2748 1483 ἦ

188 1576 304 1628 Chr.
323 1579 407 1626 Or.
422 1577 670 1628 x11.231.
705 1594 802 1642 pro
838 1593 940 1642 quo
975 1580 1033 1625 in
1070 1577 1162 1625 Ed.
1177 1579 1305 1628 Ven.
1342 1577 1640 1644 καφηρίδες
1674 1579 1954 1637 invenitur,
1992 1594 2092 1642 quo
2128 1593 2235 1627 non
2261 1578 2496 1628 Phalaris
2519 1579 2686 1630 solum
2722 1611 2725 1614 »
2755 1561 2759 1565 ’
2799 1611 2808 1615 1*

183 1674 347 1721 utitur
378 1670 469 1719 IX.
504 1686 555 1735 p.
594 1675 671 1718 50.
720 1672 813 1720 sed
849 1674 1007 1720 etiam
1051 1678 1239 1734 poetae
1289 1674 1456 1734 graeci
1492 1673 1759 1735 latinique.
1831 1669 2061 1732 Chrysae
2097 1672 2257 1720 filiam
2312 1687 2493 1720 omnes
2530 1673 2602 1721 sic
2631 1679 2688 1722 'ut

186 1767 447 1815 Homerus
480 1773 803 1829 nuncupant,
848 1765 1070 1814 Homeri
1105 1773 1323 1813 matrem
1360 1763 1675 1828 Κριθηίδα,
1722 1781 1817 1813 nec
1854 1766 2070 1826 mirum3
2120 1766 2211 1814 sed
2248 1776 2454 1829 praeter
2488 1783 2686 1819 morem

187 1861 471 1910 Pausanias
506 1860 576 1907 ΙΙ.
615 1862 704 1918 17,
737 1866 781 1907 7.
836 1859 1156 1908 sacerdotem
1189 1858 1435 1922 Argivam
1475 1858 1763 1926 Χρυσηίδα
1808 1861 2059 1924 appellat,
2132 1860 2377 1921 Polybius
2409 1862 2470 1910 V.
2507 1865 2595 1922 89,
2642 1869 2686 1912 7.

185 1966 402 2001 uxorem
440 1950 705 2016 Antigoni,
744 1968 965 2016 eamque
999 1953 1224 1999 formam
1265 1950 1455 2001 Coraes
1492 1954 1559 2002 ad
1594 1955 1726 2002 Plut.
1761 1955 1819 2002 T.
1854 1953 1923 2001 11.
1959 1958 2070 2004 377.
2108 1953 2342 2001 Zonarae
2386 1971 2426 2003 s.
2475 1955 2687 2006 Δώσων

182 2066 232 2113 p.
246 2051 358 2100 587.
395 2049 600 2095 restitui
622 2047 774 2109 jubet
790 2047 1024 2109 neglecto
1059 2045 1175 2092 EM.
1205 2048 1320 2102 294,
1344 2051 1389 2093 3.
1420 2048 1510 2094 ubi
1532 2051 1732 2111 Χρυσίς
1758 2055 1971 2095 vocatur
1999 2063 2130 2110 quae
2152 2056 2231 2096 est
2254 2032 2497 2098 consueta
2517 2051 2686 2098 nomi-

184 2156 311 2191 num
347 2141 678 2189 muliebrium
714 2142 902 2193 forma.
972 2139 1076 2187 Sed
1111 2153 1486 2204 nonnunquam
1524 2141 1679 2189 etiam
1714 2154 1888 2189 rerum
1924 2138 2176 2189 vocabula
2195 2142 2288 2190 illo
2310 2143 2513 2207 poetico
2537 2158 2683 2193 more

186 2235 459 2284 terminari
506 2234 760 2282 videmus.
860 2234 1172 2295 Argivorum
1218 2232 1329 2281 dies
1374 2235 1534 2283 festos
1585 2233 1782 2298 ἡμέρας
1831 2230 2099 2298 ἅρνηίδας
2143 2235 2384 2282 nominat
2433 2234 2681 2286 Aelianus

183 2330 254 2380 H.
276 2328 375 2378 An.
393 2327 516 2377 XII.
539 2330 617 2375 34.
689 2326 872 2375 Conon
894 2341 1020 2374 vero
1046 2326 1212 2388 magis
1232 2339 1297 2373 ex
1319 2328 1493 2391 regula
1528 2326 1721 2392 ἑορτὴν
1767 2323 1986 2393 dorida.
2057 2325 2334 2391 Δωδεκηίς
2367 2329 2545 2382 θυσία
2579 2348 2681 2380 πα-

185 2423 252 2491 ρὰ
289 2427 401 2477 τοῒς
429 2421 686 2474 Ἀττικοῖς
729 2422 896 2471 Schol.
931 2422 1090 2471 Hom.
1128 2422 1220 2470 ubi
1266 2430 1317 2470 et
1362 2421 1590 2479 δωδεκιζ
1642 2432 1878 2481 vocatur,
1947 2422 2011 2469 ab
2048 2421 2173 2470 Hes.
2227 2421 2482 2478 δωδεκάς.
2550 2427 2677 2474 Avis

183 2519 377 2585 κέρχνη
416 2519 526 2565 sive
565 2515 780 2581 κερχνίς
825 2532 980 2581 saepe
1023 2514 1269 2582 κερχνηίς
1322 2519 1432 2565 sive
1482 2518 1729 2584 κεγχρηίς
1780 2518 1966 2565 dicitur
2007 2531 2125 2564 raro
2160 2517 2390 2567 codicum
2426 2534 2678 2568 consensu

184 2614 400 2662 Aristot.
438 2612 487 2659 d.
523 2610 652 2659 Gen.
687 2611 787 2659 An.
822 2611 919 2658 111.
956 2613 1001 2657 1.
1033 2627 1083 2676 p.
1110 2616 1233 2670 750,
1272 2616 1315 2660 7.
1344 2620 1397 2660 et
1433 2614 1547 2660 aliis
1581 2614 1706 2660 locis
1742 2627 1790 2660 v.
1808 2611 1996 2659 Jacobs
2031 2611 2099 2660 ad
2130 2610 2244 2662 Ael.
2279 2612 2398 2661 XII.
2431 2616 2480 2661 4.
2509 2599 2677 2662 ’Λδὼω

186 2707 301 2772 νηίς
346 2705 650 2772 θριδακίνῃ
699 2705 826 2753 Hes.
862 2705 977 2753 EM.
1023 2704 1311 2769 Φοινικηίς
1347 2705 1455 2754 πόα
1489 2705 1614 2755 Hes.
1662 2707 1765 2753 nisi
1823 2703 2058 2770 φοινικίς
2109 2707 2314 2770 scripsit
2358 2707 2489 2754 sicut
2520 2707 2675 2769 vulgo

188 2803 478 2868 plantarum
516 2802 731 2849 nomina
767 2801 963 2849 solent:
1015 2800 1219 2868 κροκίς,
1256 2798 1507 2866 λαθυρίς,
1546 2799 1774 2860 aem-ug,
1812 2800 2052 2865 σησαμίς.
2120 2802 2395 2851 Minimum
2427 2803 2674 2864 suspicio-

188 2897 270 2945 nis
303 2896 459 2946 habet
496 2894 800 2959 ἄχιλληίδες
836 2893 1033 2960 κρίθαι
1073 2899 1233 2964 Hipp.
1271 2906 1322 2947 et
1356 2896 1613 2961 Theophr.
1650 2904 1706 2945 ut
1740 2896 1804 2946 ab
1839 2897 1996 2946 heroe
2031 2897 2254 2946 ductum.
2324 2895 2523 2957 Tragici
2555 2912 2673 2961 pro..

186 2992 305 3056 'pria
336 2993 406 3039 sic
439 3001 495 3039 ut
530 2994 686 3040 ceteri
719 2994 921 3057 fingunt
954 2996 1152 3059 Θησηίς
1186 3005 1278 3043 etc.
1314 2995 1641 3060 appellativis
1671 3009 1790 3042 raro
1822 3003 2059 3052 utuntur,
2092 2995 2151 3040 in
2181 2988 2428 3038 diverbiis
2464 2993 2669 3054 quidem

186 3084 415 3152 γενῇδος
449 3097 500 3134 et
533 3088 853 3154 παρηίδων.
889 3092 948 3140 in
982 3092 1177 3141 cantico
1213 3088 1538 3155 βασιληίδα,
1609 3103 1738 3152 quae
1774 3089 1976 3152 singula
2009 3086 2229 3134 diversis
2263 3092 2384 3133 sunt
2415 3084 2671 3152 adscripta

186 3181 486 3246 generibus;
552 3199 674 3235 nam
708 3187 933 3251 primum
965 3202 1079 3236 cum
1114 3184 1326 3252 γένειον
1361 3182 1655 3250 οῐ.γενειοὶς
1690 3184 2044 3245 coniunctum,
2113 3179 2389 3230 secundum
2422 3196 2671 3232 cumam-
