2885 3610
0 3454 58 3610 :eous
3 3389 9 3411 ”
12 3341 29 3355 ς

76 3601 83 3605 ¹
73 3431 91 3443 ἔ

231 882 346 987 De
388 881 937 989 terminationum
996 860 1238 958 tertiae
1296 874 1763 953 declinationis
1818 872 2291 950 vicissitudine
2339 873 2728 950 dissertatio

1284 1001 1538 1090 quarta-
1602 997 1673 1081 ⁷1)

231 1438 273 1500 §.
292 1438 389 1486 12.
449 1409 688 1497 nujus
709 1435 985 1484 vocalibris
1014 1433 1217 1480 formae
1236 1434 1314 1494 (in
1347 1422 1450 1497 Eg)
1488 1449 1620 1496 quae
1652 1435 1720 1481 sit
1751 1435 1916 1495 origo,
1950 1449 2058 1481 non
2092 1435 2379 1481 inerratum
2405 1432 2731 1496 reliquerunt

234 1513 593 1588 Grammatici3
631 1528 924 1591 Stephanus
959 1527 990 1587 ἡ
1022 1526 1119 1588 μὲν
1156 1526 1441 1591 Καβειριᾶς
1473 1526 1575 1578 ἀπὸ
1610 1531 1706 1578 τοῦ
1736 1525 2038 1594 Χαβειριος,
2073 1527 2364 1589 iterumque
2387 1528 2733 1593 Παρνασσιάς

232 1621 333 1677 ἀπὸ
367 1631 468 1676 τοῦ>
482 1617 828 1688 ,Παρνάσσιος
860 1623 924 1680 ὦς
948 1617 1250 1679 Ἑλικωνιάς,
1282 1622 1375 1668 καὶ
1391 1621 1696 1687 Παρνασσὶς
1728 1621 1870 1687 παρὰ
1902 1620 1963 1671 τὸ
1990 1618 2304 1688 Πάρνασσος
2336 1620 2401 1678 ὥς
2442 1622 2732 1684 Τευμησσίς.

233 1717 338 1766 Sed
372 1711 496 1780 quia
528 1730 638 1763 non
676 1706 909 1778 omnium
956 1712 1213 1775 adjectiva
1246 1711 1304 1758 in
1336 1699 1419 1770 ιὀξ
1447 1720 1629 1760 extant
1661 1728 1720 1760 ac
1750 1713 2121 1761 nonnullorum
2148 1727 2216 1760 ne
2234 1712 2361 1775 fingi
2380 1713 2592 1775 quidem
2611 1724 2735 1779 apte

233 1817 455 1876 possunt
494 1817 554 1858 ut
586 1808 822 1876 Ἀρητιάς
864 1806 921 1855 id
965 1814 1044 1855 est
1086 1805 1278 1855 Martia
1322 1806 1448 1854 sive.
1475 1806 1583 1854 filia
1620 1807 1731 1855 sive
1773 1806 1946 1855 insula
1980 1807 2091 1855 sive
2135 1805 2420 1868 scaturigo,
2466 1807 2735 1871 Λατινιάς,

237 1901 530 1968 Λιγυστιάς,
564 1901 751 1965 Νηιάς,
787 1900 1034 1962 δειπνιοές,
1077 1896 1330 1966 ὀρεστιάς,
1360 1899 1560 1968 ὑδριάς,
1586 1896 1818 1967 φυλλιᾶς,
1853 1898 1911 1946 in
1947 1896 2328 1949 dubitationem
2362 1897 2573 1949 adducti
2608 1909 2732 1950 sunt

235 2013 305 2047 an
341 1997 496 2062 alpha
528 1994 661 2044 illud
693 2008 1069 2059 nonnunquam
1112 2007 1179 2042 ex
1222 1991 1511 2042 abundanti
1545 1992 1778 2042 additum
1812 1994 1903 2051 sit,
1952 1992 2012 2042 id
2064 1994 2206 2059 quod
2247 1994 2388 2044 idem
2438 1993 2731 2058 Stephanus

239 2091 342 2140 alio
393 2091 507 2139 loco
556 2088 832 2152 significat:
880 2088 941 2138 τό
990 2086 1261 2149 :mamoa-
1293 2085 1440 2137 δοκεῖ
1479 2086 1580 2135 ἀπὸ
1615 2092 1711 2137 τοῦ
1754 2084 2022 2156 Ἄβάντιος
2063 2089 2129 2147 ὥς
2172 2089 2273 2141 ἀπὸ
2316 2093 2414 2140 τοῦ
2460 2087 2731 2153 Ὀλύμπιος

235 2184 511 2251 Ὀλυμπιάς
544 2201 557 2212 “
599 2185 713 2242 ἴσως
746 2182 802 2233 δὲ
824 2184 916 2233 καὶ
946 2181 1047 2241 ἀπὸ
1071 2186 1166 2232 τοῦ
1178 2182 1410 2242 Ἀβαντὶς
1439 2178 1682 2248 παρήχθη
1702 2182 1765 2239 ὥς
1783 2184 1974 2242 Λεσβὶς
1993 2182 2237 2245 Λεσβιάς,
2270 2183 2460 2249 Ἅχαιὶς
2491 2183 2726 2249 Ἅχααάς.

236 2281 304 2327 Et
343 2260 561 2341 utraque
609 2277 813 2325 ratione
853 2276 1015 2323 utitur
1059 2289 1099 2322 s.
1141 2273 1302 2342 Τροία
1335 2304 1397 2313 -
1430 2274 1492 2324 τὸ
1534 2274 1771 2336 θηλυκὸν
1822 2277 1978 2341 Τρωὶς
2015 2279 2108 2326 καὶ
2140 2275 2345 2344 Τρωιάς.
2400 2277 2470 2327 Ἢ
2493 2277 2633 2344 παρὰ
2668 2278 2729 2329 τὸ

242 2370 427 2440 Τρώιος
470 2372 672 2437 Τρωιάς
704 2373 768 2430 ὡς
798 2369 1019 2433 Λέσβιος
1049 2368 1286 2433 Λεσβιάς.
1316 2369 1454 2420 ’Ἐστι
1484 2370 1578 2418 καὶ
1613 2366 1762 2435 Τρῶα
1798 2370 1889 2418 καὶ
1925 2370 2081 2434 Τρωὶς
2109 2375 2200 2421 καὶ
2242 2370 2456 2439 Τρωιάς,
2508 2386 2730 2435 quorum

238 2480 359 2530 pars
394 2462 564 2525 major
600 2465 631 2526 ἢ
661 2463 803 2532 παρά
843 2478 1006 2528 usque
1049 2463 1117 2513 ad
1157 2464 1313 2513 finem
1356 2463 1417 2511 in
1459 2461 1571 2511 cod.
1616 2460 1776 2510 Rbed.
1822 2454 2081 2512 omitti‘tur
2123 2478 2289 2529 neque
2333 2464 2607 2529 probabile
2654 2474 2734 2517 est

245 2558 563 2624 Stephanum
584 2558 683 2607 hoc
704 2567 933 2608 cocetum
953 2560 1230 2608 lectoribus
1250 2558 1574 2623 apposuisse3
1608 2554 1700 2604 sed
1733 2555 1825 2603 ille
1855 2556 1967 2605 sine
2000 2556 2158 2607 dubio
2197 2559 2450 2625 duplicem
2483 2559 2729 2609 feminini

246 2655 443 2725 Τρωιάς
478 2655 729 2718 originem
764 2654 998 2714 tradidit,
1031 2671 1189 2705 unam
1225 2655 1290 2703 ab
1327 2653 1582 2716 adjectivo
1615 2648 1800 2718 Τρώιος
1829 2652 1915 2699 vel
1952 2654 2155 2722 Τρωιός,
2190 2653 2327 2705 unde
2361 2656 2504 2718 regio
2545 2656 2730 2723 Τρωία,

242 2752 459 2801 alteram
494 2765 526 2799 a
562 2749 716 2817 Τρωίς
738 2742 928 2798 vaddito
964 2752 1144 2816 alpha,
1199 2749 1338 2815 quod
1372 2750 1494 2813 quia
1537 2761 1703 2810 neque
1745 2745 1812 2794 ad
1843 2747 2214 2799 formationem
2257 2752 2605 2799 necessarium
2653 2758 2733 2799 est

243 2860 413 2910 neque
445 2843 643 2894 radices
674 2857 792 2892 suas
825 2844 883 2892 in
913 2845 1180 2907 prImitivo
1216 2844 1396 2901 habet,
1445 2841 1819 2905 pleonasticum
1857 2840 2033 2890 dicunt
2066 2851 2178 2893 tum
2221 2846 2277 2893 in
2312 2844 2584 2894 femininis
2624 2845 2729 2901 illis

244 2947 355 2988 tum
389 2941 446 2987 in
479 2939 777 2987 masculinis
809 2938 1112 3006 Ἀρητιάδης,
1148 2934 1535 3004 Ἀφαρητιάδης,
1571 2934 1636 2982 de
1669 2936 1855 2999 quibus
1893 2938 2170 3000 postmodo
2207 2939 2418 2987 dicetur.
